@article{ArticleExample,
  author          = {M{\'{e}}tivier, Jean-Philippe and Lepailleur, Alban and
                  Buzmakov, Aleksey and Poezevara, Guillaume and
                  Cr{\'{e}}milleux, Bruno and Kuznetsov, Sergei and {Le Goff},
                  J{\'{e}}r{\'{e}}mie and Napoli, Am{\'{e}}d{\'{e}}o and Bureau,
                  Ronan and Cuissart, Bertrand},
  title           = {{Discovering structural alerts for mutagenicity using
                  stable emerging molecular patterns}},
  journal         = {Journal of Chemical Information and Modeling},
  number          = 5,
  pages           = {925--940},
  publisher       = {American Chemical Society},
  volume          = 55,
  year            = 2015,
  langid          = {english},
  language        = {en},
}

@article{ArticleExample1,
  author          = {M{\'{e}}tivier, Jean-Philippe and Lepailleur, Alban and
                  Buzmakov, Aleksey and Poezevara, Guillaume and
                  Cr{\'{e}}milleux, Bruno and Kuznetsov, Sergei and {Le Goff},
                  J{\'{e}}r{\'{e}}mie and Napoli, Am{\'{e}}d{\'{e}}o and Bureau,
                  Ronan and Cuissart, Bertrand},
  title           = {{Discovering structural alerts for mutagenicity using
                  stable emerging molecular patterns}},
  journal         = {Journal of Chemical Information and Modeling},
  number          = 5,
  pages           = {925--940},
  publisher       = {American Chemical Society},
  volume          = 55,
  year            = 2015,
  langid          = {russian},
  language        = {ru},
}

@book{BookExample,
  author          = {Hastie, Trevor and Tibshirani, Robert and Friedman, Jerome},
  title           = {{The Elements of Statistical Learning: Data Mining,
                  Inference, and Prediction}},
  edition         = 2,
  isbn            = {978-0-387-84858-7},
  pages           = {XXII, 745},
  publisher       = {Springer-Verlag New York},
  year            = 2009,
  langid          = {english},
  language        = {en},
}

@book{Velenkin,
  author          = {Виленкин, Жохов, Чесноков, Шварцбурд},
  title           = {{Математика. 6 класс. Часть 2.}},
  edition         = 1,
  isbn            = {978-5-091-02534-7},
  pages           = {0--144},
  publisher       = {Мнемозина 2015-2017},
  year            = 2015,
  langid          = {russian},
  language        = {ru},
}

@book{BookExample1,
  author          = {Hastie, Trevor and Tibshirani, Robert and Friedman, Jerome},
  title           = {{The Elements of Statistical Learning: Data Mining,
                  Inference, and Prediction}},
  edition         = 2,
  isbn            = {978-0-387-84858-7},
  pages           = {XXII, 745},
  publisher       = {Springer-Verlag New York},
  year            = 2009,
  langid          = {russian},
  language        = {ru},
}

@inproceedings{ConferencePaperExample,
  address         = {New Orlean, LA, USA},
  author          = {Buzmakov, A and Kuznetsov, S O and Napoli, A},
  title           = {{Efficient Mining of Subsample-Stable Graph Patterns}},
  booktitle       = {2017 IEEE International Conference on Data Mining (ICDM)},
  pages           = {757--762},
  year            = 2017,
  langid          = {english},
  language        = {en},
}

@online{HSEExample,
  author          = {{HSE}},
  title           = {HSE example},
  year            = 2020,
  url             = {https://www.hse.ru},
  urldate         = {2023-09-09},
  langid          = {english},
  language        = {en},
}
